@article{welt_erdbeben,
  title = {Naturkatastrophe: Schwere Erdbeben sind nicht häufiger als früher},
  author = {WELT},
  journal = {WELT},
  year = {2011},
  url = {https://www.welt.de/wissenschaft/article12811266/Schwere-Erdbeben-sind-nicht-haeufiger-als-frueher.html}
}

@article{mudelsee2019trend,
  title={Trend analysis of climate time series: A review of methods},
  author={Mudelsee, Manfred},
  journal={Earth-science reviews},
  volume={190},
  pages={310--322},
  year={2019},
  publisher={Elsevier}
}

@misc{andersen2005volatility,
  title={Volatility forecasting},
  author={Andersen, Torben G and Bollerslev, Tim and Christoffersen, Peter and Diebold, Francis X},
  year={2005},
  publisher={National Bureau of Economic Research Cambridge, Mass., USA}
}

@article{topol2019high,
  title={High-performance medicine: the convergence of human and artificial intelligence},
  author={Topol, Eric J},
  journal={Nature medicine},
  volume={25},
  number={1},
  pages={44--56},
  year={2019},
  publisher={Nature Publishing Group US New York}
}

@misc{stoffer2012special,
  title={Special issue on time series analysis in the biological sciences},
  author={Stoffer, David S and Ombao, Hernando},
  journal={Journal of Time Series Analysis},
  volume={33},
  number={5},
  pages={701--703},
  year={2012},
  publisher={Wiley Online Library}
}

@article{zhang2001investigation,
  title={An investigation of neural networks for linear time-series forecasting},
  author={Zhang, Guoqiang Peter},
  journal={Computers \& Operations Research},
  volume={28},
  number={12},
  pages={1183--1202},
  year={2001},
  publisher={Elsevier}
}
@article{zunic2020application,
  title={Application of facebook's prophet algorithm for successful sales forecasting based on real-world data},
  author={Zunic, Emir and Korjenic, Kemal and Hodzic, Kerim and Donko, Dzenana},
  journal={arXiv preprint arXiv:2005.07575},
  year={2020}
}

@article{mudelsee2019trend,
  title={Trend analysis of climate time series: A review of methods},
  author={Mudelsee, Manfred},
  journal={Earth-science reviews},
  volume={190},
  pages={310--322},
  year={2019},
  publisher={Elsevier}
}

@misc{hyndman2011cyclic,
  title={Cyclic and seasonal time series},
  author={Hyndman, Rob J},
  year={2011},
  url={https://robjhyndman.com/hyndsight/cyclicts/}
}

@book{hylleberg1992modelling,
  title={Modelling seasonality},
  author={Hylleberg, Svend},
  year={1992},
  publisher={Oxford University Press}
}

@article{gharehbaghi2017deep,
  title={A deep machine learning method for classifying cyclic time series of biological signals using time-growing neural network},
  author={Gharehbaghi, Arash and Lind{\'e}n, Maria},
  journal={IEEE transactions on neural networks and learning systems},
  volume={29},
  number={9},
  pages={4102--4115},
  year={2017},
  publisher={IEEE}
}



@article{klinker2011exponential,
  title={Exponential moving average versus moving exponential average},
  author={Klinker, Frank},
  journal={Mathematische Semesterberichte},
  volume={58},
  pages={97--107},
  year={2011},
  publisher={Springer}
}

@book{bloomfield2004fourier,
  title={Fourier analysis of time series: an introduction},
  author={Bloomfield, Peter},
  year={2004},
  publisher={John Wiley \& Sons}
}

@article{prophetpaper,
  title={Forecasting at scale},
  author={Taylor, Sean J and Letham, Benjamin},
  journal={The American Statistician},
  volume={72},
  number={1},
  pages={37--45},
  year={2018},
  publisher={Taylor \& Francis}
}

@book{hyndman2018forecasting,
  title={Forecasting: principles and practice},
  author={Hyndman, Rob J and Athanasopoulos, George},
  year={2018},
  publisher={OTexts}
}
@inproceedings{assfalg2009periodic,
  title={Periodic pattern analysis in time series databases},
  author={Assfalg, Johannes and Bernecker, Thomas and Kriegel, Hans-Peter and Kr{\"o}ger, Peer and Renz, Matthias},
  booktitle={Database Systems for Advanced Applications: 14th International Conference, DASFAA 2009, Brisbane, Australia, April 21-23, 2009. Proceedings 14},
  pages={354--368},
  year={2009},
  organization={Springer}
}
@incollection{haben2023time,
  title={Time Series Forecasting: Core Concepts and Definitions},
  author={Haben, Stephen and Voss, Marcus and Holderbaum, William},
  booktitle={Core Concepts and Methods in Load Forecasting: With Applications in Distribution Networks},
  pages={55--66},
  year={2023},
  publisher={Springer}
}
@book{box2015time,
  title={Time series analysis: forecasting and control},
  author={Box, George EP and Jenkins, Gwilym M and Reinsel, Gregory C and Ljung, Greta M},
  year={2015},
  publisher={John Wiley \& Sons}
}
@inproceedings{hansun2013new,
  title={A new approach of moving average method in time series analysis},
  author={Hansun, Seng},
  booktitle={2013 conference on new media studies (CoNMedia)},
  pages={1--4},
  year={2013},
  organization={IEEE}
}
@article{dzikevivcius2010ema,
  title={EMA Versus SMA usage to forecast stock markets: the case of S\&P 500 and OMX Baltic Benchmark},
  author={Dzikevi{\v{c}}ius, Audrius and {\v{S}}aranda, Svetlana},
  journal={Business: Theory and Practice},
  volume={11},
  number={3},
  pages={248--255},
  year={2010}
}

@online{catboost-encoding,
    title={Transforming categorical features to numerical features},
    author={CatBoost},
    url={https://catboost.ai/en/docs/concepts/algorithm-main-stages_cat-to-numberic},
    note={Accessed: 15-06-2024},
    year={2024}
}

@online{earthquake-data,
    title={API Documentation - Earthquake Catalog},
    author={{US Geopolitical Survey}},
    url={https://earthquake.usgs.gov/fdsnws/event/1/},
    note={Accessed: 15-06-2024},
    year={2024}
}

@article{salinas2020deepar,
  title={DeepAR: Probabilistic forecasting with autoregressive recurrent networks},
  author={Salinas, David and Flunkert, Valentin and Gasthaus, Jan and Januschowski, Tim},
  journal={International journal of forecasting},
  volume={36},
  number={3},
  pages={1181--1191},
  year={2020},
  publisher={Elsevier}
}

@inproceedings{cheng2020deepvar,
  title={DeepVar: an end-to-end deep learning approach for genomic variant recognition in biomedical literature},
  author={Cheng, Chaoran and Tan, Fei and Wei, Zhi},
  booktitle={Proceedings of the AAAI Conference on Artificial Intelligence},
  volume={34},
  number={01},
  pages={598--605},
  year={2020}
}

@article{ansari2024chronos,
  title={Chronos: Learning the language of time series},
  author={Ansari, Abdul Fatir and Stella, Lorenzo and Turkmen, Caner and Zhang, Xiyuan and Mercado, Pedro and Shen, Huibin and Shchur, Oleksandr and Rangapuram, Syama Sundar and Arango, Sebastian Pineda and Kapoor, Shubham and others},
  journal={arXiv preprint arXiv:2403.07815},
  year={2024}
}

@article{prokhorenkova2018catboost,
  title={CatBoost: unbiased boosting with categorical features},
  author={Prokhorenkova, Liudmila and Gusev, Gleb and Vorobev, Aleksandr and Dorogush, Anna Veronika and Gulin, Andrey},
  journal={Advances in neural information processing systems},
  volume={31},
  year={2018}
}

@article{xi2023rise,
  title={The rise and potential of large language model based agents: A survey},
  author={Xi, Zhiheng and Chen, Wenxiang and Guo, Xin and He, Wei and Ding, Yiwen and Hong, Boyang and Zhang, Ming and Wang, Junzhe and Jin, Senjie and Zhou, Enyu and others},
  journal={arXiv preprint arXiv:2309.07864},
  year={2023}
}

@misc{yao2023reactsynergizingreasoningacting,
  title={ReAct: Synergizing Reasoning and Acting in Language Models}, 
  author={Shunyu Yao and Jeffrey Zhao and Dian Yu and Nan Du and Izhak Shafran and Karthik Narasimhan and Yuan Cao},
  year={2023},
  eprint={2210.03629},
  archivePrefix={arXiv},
  primaryClass={cs.CL},
  url={https://arxiv.org/abs/2210.03629}, 
}
@book{chatfield2000time,
  title={Time-series forecasting},
  author={Chatfield, Chris},
  year={2000},
  publisher={Chapman and Hall/CRC}
}
@article{montero2021principles,
  title={Principles and algorithms for forecasting groups of time series: Locality and globality},
  author={Montero-Manso, Pablo and Hyndman, Rob J},
  journal={International Journal of Forecasting},
  volume={37},
  number={4},
  pages={1632--1653},
  year={2021},
  publisher={Elsevier}
}